@online{NRK,
    author = {{NRK}},
    title = {Sjefene sliter med å lede «Gen Z»: -- Vi har blitt en lat generasjon},
    year = {2025},
    url = {https://www.nrk.no/ostfold/_gen-z_-er-vanskeligere-a-lede-enn-andre-generasjoner-1.17173353},
    urldate = {2024-04-29}
}

@book{Teknologiledelse,
    author = {Torvatn, Tim},
    title = {Teknologiledelse - for ingeniørstudier},
    edition = {2},
    year = {2024},
    publisher = {Fagbokforlaget}
}
